@phdthesis{Junior2012,
  title={GER{\^E}NCIA DE PROVENI{\^E}NCIA EM WORKFLOWS CIENT{\'I}FICOS PARALELOS E DISTRIBU{\'I}DOS},
  author={J{\'u}nior, Luiz Manoel Rocha Gadelha},
  year={2012},
  school={Universidade Federal do Rio de Janeiro}
}